@book{gamma,
  author = {Гамма, Э. and Хелм, Р. and Джонсон, Р.},
  title = {Приёмы объектно-ориентированного проектирования. Паттерны проектирования},
  year = {2011},
  publisher = {Питер},
  address = {СПб.},
  numpages = {368},
  language = {russian}
}

@online{
  android-reference,
  author = {Google},
  title = {Android Design},
  year = {2012},
  url = {http://developer.android.com/design/index.html}
}
