@book{cormen,
  author = {Кормен, Т. and Лейзерсон, Ч. and Ривест, Р.},
  title = {Алгоритмы. Построение и анализ},
  year = {2005},
  publisher = {Вильямс},
  address = {М.},
  numpages = {1296},
  language = {russian}
}

@book{gamma,
  author = {Гамма, Э. and Хелм, Р. and Джонсон, Р.},
  title = {Приёмы объектно-ориентированного проектирования. Паттерны проектирования},
  year = {2011},
  publisher = {Питер},
  address = {СПб.},
  numpages = {368},
  language = {russian}
}
